
@article{helwatkar_sensor_2014,
	title = {Sensor  {Technology} {For} {Animal} {Health} {Monitoring}},
	journal = {Proceedings of the 8th International Conference on Sensing Technology},
	author = {Helwatkar, Amruta and Riordan, Daniel and Walsh, Joseph},
	month = sep,
	year = {2014},
	file = {Sensor  Technology For Animal Health Monitoring.pdf:/home/herman/.zotero/zotero/jzg8qanu.default/zotero/storage/JMQS9UFU/Sensor  Technology For Animal Health Monitoring.pdf:application/pdf}
}