
@article{marchioro_sows_2011,
	title = {Sows’ activity classification device using acceleration data – {A} resource constrained approach},
	volume = {77},
	issn = {01681699},
	url = {http://linkinghub.elsevier.com/retrieve/pii/S0168169911000871},
	doi = {10.1016/j.compag.2011.04.004},
	language = {en},
	number = {1},
	urldate = {2015-09-21},
	journal = {Computers and Electronics in Agriculture},
	author = {Marchioro, Gilberto Fernandes and Cornou, Cécile and Kristensen, Anders Ringgaard and Madsen, Jan},
	month = jun,
	year = {2011},
	pages = {110--117},
	file = {1-s2.0-S0168169911000871-main.pdf:/home/herman/.zotero/zotero/jzg8qanu.default/zotero/storage/GQT3EHS6/1-s2.0-S0168169911000871-main.pdf:application/pdf}
}